@article{philip2010report,
  title={{Report on the American Economic Review Data Availability Compliance Project}},
  author={Philip, Glandon},
  journal={Unpublished manuscript},
  year={2010}
}

@article{lupia2014openness,
  title={{Openness in political science: Data access and research transparency: Introduction}},
  author={Lupia, Arthur and Elman, Colin},
  journal={PS: Political Science \& Politics},
  volume={47},
  number={1},
  pages={19--42},
  year={2014},
  publisher={Cambridge University Press}
}

@article{davenport2022multiracial,
  title={{Multiracial identity and political preferences}},
  author={Davenport, Lauren and Franco, Annie and Iyengar, Shanto},
  journal={The Journal of Politics},
  volume={84},
  number={1},
  pages={620--624},
  year={2022},
  publisher={The University of Chicago Press Chicago, IL}
}

@data{DVN/BLVJJH_2020,
author = {Davenport, Lauren and Iyengar, Shanto and Franco, Annie},
publisher = {Harvard Dataverse},
title = {{Replication Data for: Multiracial Identity and Political Preferences}},
UNF = {UNF:6:KEE/Dzp40tXlPjBwSy2g6A==},
year = {2020},
version = {V1},
doi = {10.7910/DVN/BLVJJH},
url = {https://doi.org/10.7910/DVN/BLVJJH}
}

@article{stockemer2018data,
  title={{Data access, transparency, and replication: New insights from the political behavior literature}},
  author={Stockemer, Daniel and Koehler, Sebastian and Lentz, Tobias},
  journal={PS: Political Science \& Politics},
  volume={51},
  number={4},
  pages={799--803},
  year={2018},
  publisher={Cambridge University Press}
}

@misc{simonsohn95GroundhogAddressing2021,
  title = {[95] {{Groundhog}}: {{Addressing The Threat That R Poses To Reproducible Research}}},
  shorttitle = {[95] {{Groundhog}}},
  author = {Simonsohn, Uri},
  year = {2021},
  month = jan,
  journal = {Data Colada},
  abstract = {R, the free and open source program for statistical computing, poses a substantial threat to the reproducibility of published research. This post explains the problem and introduces a solution. The Problem: Packages R itself has some reproducibility problems (see example in this footnote [1]), but the big problem is its packages: the addon scripts that...},
  howpublished = {http://datacolada.org/95},
  langid = {american},
  file = {/Users/taylorwork/Zotero/storage/X7RDZE3Z/95.html}
}
